@book{Lindholm:1999:JVM:553607,
 author = {Lindholm, Tim and Yellin, Frank},
 title = {Java Virtual Machine Specification},
 year = {1999},
 isbn = {0201432943},
 edition = {2nd},
 publisher = {Addison-Wesley Longman Publishing Co., Inc.},
 address = {Boston, MA, USA},
} 

@Inproceedings{erkok-matthews-cryptolEqChecking-09,
   author    = "Levent {Erk\"{o}k} and John Matthews",
   title     = "Pragmatic Equivalence and Safety Checking in {C}ryptol",
   booktitle = "Programming Languages meets Program Verification, PLPV'09,
                Savannah, Georgia, USA",
   publisher = "ACM Press",
   month     = jan,
   pages     = "73--81",
   year      = "2009",
}

@INPROCEEDINGS{ABC,
   author = "Robert K. Brayton and Alan Mishchenko",
   title = "{ABC}: An Academic Industrial-Strength Verification Tool",
   booktitle = "CAV'10",
   pages = {24-40},
   year = {2010}
}

@Unpublished{SEC2,
  key = Certicom,
  title = "Certicom {R}esearch: {SEC 2}: {R}ecommended {E}lliptic {C}urve {D}omain {P}arameters, {S}tandards for {E}fficient {C}ryptography",
  year = {2000},
  note = {\url{http://www.secg.org/collateral/sec2_final.pdf}},
}

@techreport{CryptolSBV,
 author      = {Levent Erk\"{o}k},
 title       = {Equivalence and Safety Checking in {Cryptol}},
 institution = {Galois, Inc.},
 year        = {2008},
 month       = aug,
}

@Unpublished{Cryptol,
  key    = Cryptol,
  note   = {\url{http://cryptol.net}},
  title  = {{Cryptol} web site},
}

@book{DecisionProcedures2008,
 author = {Daniel Kroening and Ofer Strichman},
 title = {Decision Procedures: An Algorithmic Point of View},
 year = {2008},
 publisher = {Springer},
}
